<record><leader>00000cas a2200000   4500</leader><controlfield tag="001">5094358</controlfield><controlfield tag="008">790622d19uu19uuiluwx ne      0   a0eng d</controlfield><controlfield tag="009">467</controlfield><datafield ind1=" " ind2=" " tag="010"><subfield code="a">sn 79007021 </subfield></datafield><datafield ind1=" " ind2=" " tag="040"><subfield code="a">NSD</subfield><subfield code="b">eng</subfield><subfield code="c">NSD</subfield><subfield code="d">OCL</subfield><subfield code="d">OCLCQ</subfield></datafield><datafield ind1=" " ind2=" " tag="012"><subfield code="k">1</subfield><subfield code="m">d</subfield></datafield><datafield ind1="1" ind2=" " tag="022"><subfield code="a">0192-0162</subfield><subfield code="l">0192-0162</subfield><subfield code="2">1</subfield></datafield><datafield ind1=" " ind2=" " tag="042"><subfield code="a">nsdp</subfield></datafield><datafield ind1=" " ind2="0" tag="222"><subfield code="a">Deerfield news-advertiser</subfield></datafield><datafield ind1="0" ind2="0" tag="245"><subfield code="a">Deerfield news-advertiser.</subfield></datafield><datafield ind1=" " ind2=" " tag="260"><subfield code="a">Highland Park, Ill.,</subfield><subfield code="b">Singer Print. and Pub. Co.</subfield></datafield><datafield ind1=" " ind2=" " tag="310"><subfield code="a">Weekly (except last week in Dec.)</subfield></datafield><datafield ind1="0" ind2="0" tag="785"><subfield code="t">News-advertiser</subfield><subfield code="c">Deerfield edition</subfield></datafield><datafield ind1=" " ind2=" " tag="936"><subfield code="a">Apr. 26, 1979</subfield></datafield></record>